@book{ZILL,
   author  = {L. Brand}, 
   TITLE   = {Vector Analysis},
   YEAR    = "1957",
   PUBLISHER = "John Wiley & Sons",
   ADDRESS  = "New York",
}

@book{STRAUCH,
   author  = {I. Strauch}, 
   TITLE   = {An√°lise Vetorial em 10 aulas},
   YEAR    = "2006",
   PUBLISHER = "Notas de aula",
   ADDRESS  = "Porto Alegre",
}
